TIME,RE,LE
2016-07-13 10:11:12.0000,0.0,0.0
2016-07-13 10:11:12.0006,0.2,-0.1
2016-07-13 10:11:12.0012,0.1,-0.3
2016-07-13 10:11:12.0018,0.0,-0.5
2016-07-13 10:11:12.0024,0.0,-0.4
2016-07-13 10:11:12.0030,0.2,-0.2
2016-07-13 10:11:12.0035,0.4,0.0
2016-07-13 10:11:12.0041,0.7,0.1
2016-07-13 10:11:12.0047,0.8,0.1
2016-07-13 10:11:12.0053,0.7,0.1
2016-07-13 10:11:12.0059,0.7,0.0
2016-07-13 10:11:12.0065,0.8,-0.1
2016-07-13 10:11:12.0071,0.7,-0.3
2016-07-13 10:11:12.0077,0.7,-0.4
2016-07-13 10:11:12.0083,0.7,-0.4
2016-07-13 10:11:12.0089,0.8,-0.4
2016-07-13 10:11:12.0094,0.5,-0.4
2016-07-13 10:11:12.0100,0.3,-0.5
2016-07-13 10:11:12.0106,0.0,-0.3
2016-07-13 10:11:12.0112,0.1,-0.1
2016-07-13 10:11:12.0118,0.4,0.0
2016-07-13 10:11:12.0124,0.7,0.0
2016-07-13 10:11:12.0130,1.0,0.0
2016-07-13 10:11:12.0136,1.1,0.0
2016-07-13 10:11:12.0142,1.2,0.3
2016-07-13 10:11:12.0148,1.5,0.6
2016-07-13 10:11:12.0153,1.6,0.8
2016-07-13 10:11:12.0159,1.6,0.8
2016-07-13 10:11:12.0165,1.6,0.9
2016-07-13 10:11:12.0171,1.7,0.9
2016-07-13 10:11:12.0177,1.6,0.7
2016-07-13 10:11:12.0183,1.4,0.7
2016-07-13 10:11:12.0189,1.3,0.7
2016-07-13 10:11:12.0195,1.3,0.7
2016-07-13 10:11:12.0201,1.5,0.8
2016-07-13 10:11:12.0207,1.7,0.9
2016-07-13 10:11:12.0212,1.7,0.8
2016-07-13 10:11:12.0218,1.6,0.7
2016-07-13 10:11:12.0224,1.5,0.7
2016-07-13 10:11:12.0230,1.8,0.7
2016-07-13 10:11:12.0236,2.0,0.8
2016-07-13 10:11:12.0242,2.1,0.8
2016-07-13 10:11:12.0248,2.1,0.9
2016-07-13 10:11:12.0254,2.1,1.0
2016-07-13 10:11:12.0260,1.9,1.0
2016-07-13 10:11:12.0266,1.8,1.0
2016-07-13 10:11:12.0272,1.9,1.0
2016-07-13 10:11:12.0277,2.1,1.0
2016-07-13 10:11:12.0283,2.2,0.9
2016-07-13 10:11:12.0289,2.4,1.0
2016-07-13 10:11:12.0295,2.5,1.0
2016-07-13 10:11:12.0301,2.5,0.9
2016-07-13 10:11:12.0307,2.3,0.9
2016-07-13 10:11:12.0313,2.3,1.2
2016-07-13 10:11:12.0319,2.5,1.2
2016-07-13 10:11:12.0325,2.5,1.2
2016-07-13 10:11:12.0331,2.3,1.1
2016-07-13 10:11:12.0336,2.1,1.0
2016-07-13 10:11:12.0342,1.8,0.9
2016-07-13 10:11:12.0348,1.7,1.0
2016-07-13 10:11:12.0354,1.8,1.0
2016-07-13 10:11:12.0360,2.0,1.2
2016-07-13 10:11:12.0366,2.1,1.3
2016-07-13 10:11:12.0372,2.5,1.5
2016-07-13 10:11:12.0378,2.8,1.5
2016-07-13 10:11:12.0384,2.8,1.3
2016-07-13 10:11:12.0390,2.9,1.1
2016-07-13 10:11:12.0395,2.9,0.9
2016-07-13 10:11:12.0401,3.0,0.9
2016-07-13 10:11:12.0407,3.2,1.0
2016-07-13 10:11:12.0413,3.2,1.0
2016-07-13 10:11:12.0419,3.0,1.1
2016-07-13 10:11:12.0425,2.8,1.1
2016-07-13 10:11:12.0431,2.9,1.3
2016-07-13 10:11:12.0437,3.3,1.5
2016-07-13 10:11:12.0443,3.6,1.6
2016-07-13 10:11:12.0449,3.8,1.7
2016-07-13 10:11:12.0455,3.9,1.8
2016-07-13 10:11:12.0460,4.0,1.9
2016-07-13 10:11:12.0466,3.9,1.8
2016-07-13 10:11:12.0472,3.7,1.6
2016-07-13 10:11:12.0478,3.6,1.7
2016-07-13 10:11:12.0484,3.7,2.0
2016-07-13 10:11:12.0490,3.9,2.1
2016-07-13 10:11:12.0496,4.0,2.3
2016-07-13 10:11:12.0502,3.9,2.3
2016-07-13 10:11:12.0508,3.7,2.1
2016-07-13 10:11:12.0514,3.6,2.1
2016-07-13 10:11:12.0519,3.8,2.1
2016-07-13 10:11:12.0525,3.9,2.1
2016-07-13 10:11:12.0531,3.9,2.0
2016-07-13 10:11:12.0537,3.8,2.0
2016-07-13 10:11:12.0543,3.8,2.1
2016-07-13 10:11:12.0549,3.9,2.3
2016-07-13 10:11:12.0555,4.1,2.3
2016-07-13 10:11:12.0561,4.1,2.3
2016-07-13 10:11:12.0567,4.2,2.4
2016-07-13 10:11:12.0573,4.3,2.6
2016-07-13 10:11:12.0578,4.4,2.7
2016-07-13 10:11:12.0584,4.3,2.6
2016-07-13 10:11:12.0590,4.0,2.3
2016-07-13 10:11:12.0596,3.8,2.4
2016-07-13 10:11:12.0602,4.1,2.6
2016-07-13 10:11:12.0608,4.3,2.5
2016-07-13 10:11:12.0614,4.3,2.4
2016-07-13 10:11:12.0620,4.2,2.4
2016-07-13 10:11:12.0626,4.2,2.5
2016-07-13 10:11:12.0632,4.2,2.6
2016-07-13 10:11:12.0637,4.3,2.8
2016-07-13 10:11:12.0643,4.3,2.8
2016-07-13 10:11:12.0649,4.1,2.7
2016-07-13 10:11:12.0655,4.2,2.7
2016-07-13 10:11:12.0661,4.2,2.6
2016-07-13 10:11:12.0667,4.3,2.6
2016-07-13 10:11:12.0673,4.0,2.2
2016-07-13 10:11:12.0679,3.8,2.2
2016-07-13 10:11:12.0685,3.7,2.3
2016-07-13 10:11:12.0691,3.9,2.4
2016-07-13 10:11:12.0697,3.9,2.3
2016-07-13 10:11:12.0702,3.8,2.3
2016-07-13 10:11:12.0708,3.8,2.3
2016-07-13 10:11:12.0714,4.1,2.4
2016-07-13 10:11:12.0720,4.5,2.4
2016-07-13 10:11:12.0726,4.6,2.3
2016-07-13 10:11:12.0732,4.6,2.1
2016-07-13 10:11:12.0738,4.5,2.1
2016-07-13 10:11:12.0744,4.6,2.2
2016-07-13 10:11:12.0750,4.8,2.1
2016-07-13 10:11:12.0756,4.6,1.9
2016-07-13 10:11:12.0761,4.3,1.9
2016-07-13 10:11:12.0767,4.2,2.1
2016-07-13 10:11:12.0773,4.2,2.3
2016-07-13 10:11:12.0779,4.3,2.6
2016-07-13 10:11:12.0785,4.3,2.8
2016-07-13 10:11:12.0791,4.2,2.9
2016-07-13 10:11:12.0797,4.2,3.1
2016-07-13 10:11:12.0803,4.3,3.3
2016-07-13 10:11:12.0809,4.5,3.3
2016-07-13 10:11:12.0815,4.2,3.0
2016-07-13 10:11:12.0820,3.9,2.7
2016-07-13 10:11:12.0826,3.7,2.7
2016-07-13 10:11:12.0832,3.6,2.7
2016-07-13 10:11:12.0838,3.5,2.5
2016-07-13 10:11:12.0844,3.1,2.4
2016-07-13 10:11:12.0850,2.9,2.3
2016-07-13 10:11:12.0856,2.8,2.2
2016-07-13 10:11:12.0862,2.9,2.1
2016-07-13 10:11:12.0868,2.9,2.0
2016-07-13 10:11:12.0874,2.7,1.9
2016-07-13 10:11:12.0880,2.7,1.9
2016-07-13 10:11:12.0885,2.8,2.0
2016-07-13 10:11:12.0891,3.0,2.1
2016-07-13 10:11:12.0897,2.9,2.1
2016-07-13 10:11:12.0903,2.8,2.4
2016-07-13 10:11:12.0909,2.7,2.5
2016-07-13 10:11:12.0915,2.9,2.7
2016-07-13 10:11:12.0921,3.0,2.7
2016-07-13 10:11:12.0927,2.9,2.5
2016-07-13 10:11:12.0933,2.7,2.3
2016-07-13 10:11:12.0939,2.5,2.1
2016-07-13 10:11:12.0944,2.4,2.1
2016-07-13 10:11:12.0950,2.4,2.0
2016-07-13 10:11:12.0956,2.3,1.7
2016-07-13 10:11:12.0962,2.4,1.6
2016-07-13 10:11:12.0968,2.6,1.6
2016-07-13 10:11:12.0974,2.8,1.6
2016-07-13 10:11:12.0980,2.9,1.7
2016-07-13 10:11:12.0986,2.9,1.6
2016-07-13 10:11:12.0992,2.9,1.6
2016-07-13 10:11:12.0998,2.9,1.8
2016-07-13 10:11:12.1003,3.0,1.8
2016-07-13 10:11:12.1009,2.8,1.9
2016-07-13 10:11:12.1015,2.6,1.7
2016-07-13 10:11:12.1021,2.3,1.7
2016-07-13 10:11:12.1027,2.3,1.8
2016-07-13 10:11:12.1033,2.4,2.1
2016-07-13 10:11:12.1039,2.6,2.2
2016-07-13 10:11:12.1045,2.7,2.3
2016-07-13 10:11:12.1051,2.6,2.4
2016-07-13 10:11:12.1057,2.5,2.5
2016-07-13 10:11:12.1062,2.5,2.4
2016-07-13 10:11:12.1068,2.5,2.1
2016-07-13 10:11:12.1074,2.3,1.9
2016-07-13 10:11:12.1080,2.3,1.8
2016-07-13 10:11:12.1086,2.4,1.7
2016-07-13 10:11:12.1092,2.3,1.6
2016-07-13 10:11:12.1098,2.2,1.5
2016-07-13 10:11:12.1104,2.3,1.6
2016-07-13 10:11:12.1110,2.5,1.9
2016-07-13 10:11:12.1116,2.9,2.2
2016-07-13 10:11:12.1122,3.2,2.6
2016-07-13 10:11:12.1127,3.4,2.6
2016-07-13 10:11:12.1133,3.4,2.5
2016-07-13 10:11:12.1139,3.6,2.2
2016-07-13 10:11:12.1145,3.6,2.1
2016-07-13 10:11:12.1151,3.7,2.1
2016-07-13 10:11:12.1157,3.5,2.0
2016-07-13 10:11:12.1163,3.5,1.9
2016-07-13 10:11:12.1169,3.5,1.8
2016-07-13 10:11:12.1175,3.1,1.7
2016-07-13 10:11:12.1181,2.8,1.6
2016-07-13 10:11:12.1186,2.7,1.6
2016-07-13 10:11:12.1192,2.6,1.8
2016-07-13 10:11:12.1198,2.6,2.0
2016-07-13 10:11:12.1204,2.9,2.1
2016-07-13 10:11:12.1210,3.0,2.1
2016-07-13 10:11:12.1216,2.9,2.0
2016-07-13 10:11:12.1222,2.9,2.0
2016-07-13 10:11:12.1228,2.9,2.1
2016-07-13 10:11:12.1234,3.1,2.2
2016-07-13 10:11:12.1240,3.5,2.4
2016-07-13 10:11:12.1245,3.7,2.4
2016-07-13 10:11:12.1251,3.6,2.4
2016-07-13 10:11:12.1257,3.5,2.3
2016-07-13 10:11:12.1263,3.5,2.2
2016-07-13 10:11:12.1269,3.4,2.1
2016-07-13 10:11:12.1275,3.2,2.1
2016-07-13 10:11:12.1281,3.3,2.1
2016-07-13 10:11:12.1287,3.3,2.1
2016-07-13 10:11:12.1293,3.5,2.1
2016-07-13 10:11:12.1299,3.6,2.0
2016-07-13 10:11:12.1305,3.5,1.8
2016-07-13 10:11:12.1310,3.5,2.0
2016-07-13 10:11:12.1316,3.7,2.1
2016-07-13 10:11:12.1322,4.0,2.5
2016-07-13 10:11:12.1328,4.2,2.6
2016-07-13 10:11:12.1334,4.3,2.8
2016-07-13 10:11:12.1340,4.2,2.9
2016-07-13 10:11:12.1346,4.1,3.1
2016-07-13 10:11:12.1352,4.1,3.1
2016-07-13 10:11:12.1358,4.1,3.1
2016-07-13 10:11:12.1364,4.1,3.0
2016-07-13 10:11:12.1369,4.2,2.9
2016-07-13 10:11:12.1375,4.4,2.6
2016-07-13 10:11:12.1381,4.6,2.5
2016-07-13 10:11:12.1387,4.6,2.2
2016-07-13 10:11:12.1393,4.6,2.2
2016-07-13 10:11:12.1399,4.8,2.3
2016-07-13 10:11:12.1405,5.0,2.4
2016-07-13 10:11:12.1411,5.1,2.4
2016-07-13 10:11:12.1417,4.9,2.3
2016-07-13 10:11:12.1423,4.6,2.1
2016-07-13 10:11:12.1428,4.3,2.4
2016-07-13 10:11:12.1434,4.4,2.6
2016-07-13 10:11:12.1440,4.6,2.9
2016-07-13 10:11:12.1446,4.6,3.0
2016-07-13 10:11:12.1452,4.7,3.0
2016-07-13 10:11:12.1458,4.8,3.0
2016-07-13 10:11:12.1464,5.1,3.1
2016-07-13 10:11:12.1470,5.3,3.1
2016-07-13 10:11:12.1476,5.4,3.2
2016-07-13 10:11:12.1482,5.7,3.4
2016-07-13 10:11:12.1487,5.9,3.5
2016-07-13 10:11:12.1493,6.1,3.4
2016-07-13 10:11:12.1499,6.0,2.9
