TIME,RE,LE
2004-12-15 13:37:32.0000,0.0,0.0
2004-12-15 13:37:32.0006,0.0,0.0
2004-12-15 13:37:32.0012,-0.1,0.0
2004-12-15 13:37:32.0018,-0.1,0.1
2004-12-15 13:37:32.0024,-0.1,0.2
2004-12-15 13:37:32.0030,0.0,0.4
2004-12-15 13:37:32.0035,0.0,0.4
2004-12-15 13:37:32.0041,0.0,0.5
2004-12-15 13:37:32.0047,0.0,0.5
2004-12-15 13:37:32.0053,0.1,0.6
2004-12-15 13:37:32.0059,0.2,0.7
2004-12-15 13:37:32.0065,0.2,0.7
2004-12-15 13:37:32.0071,0.3,0.8
2004-12-15 13:37:32.0077,0.5,0.8
2004-12-15 13:37:32.0083,0.7,0.9
2004-12-15 13:37:32.0089,1.1,0.8
2004-12-15 13:37:32.0094,1.4,0.9
2004-12-15 13:37:32.0100,1.6,1.0
2004-12-15 13:37:32.0106,2.0,1.2
2004-12-15 13:37:32.0112,2.1,1.2
2004-12-15 13:37:32.0118,2.1,1.3
2004-12-15 13:37:32.0124,2.2,1.2
2004-12-15 13:37:32.0130,2.3,1.1
2004-12-15 13:37:32.0136,2.3,1.1
2004-12-15 13:37:32.0142,2.2,1.3
2004-12-15 13:37:32.0148,2.3,1.5
2004-12-15 13:37:32.0153,2.4,1.7
2004-12-15 13:37:32.0159,2.5,1.8
2004-12-15 13:37:32.0165,2.7,1.9
2004-12-15 13:37:32.0171,2.8,1.5
2004-12-15 13:37:32.0177,2.9,1.2
2004-12-15 13:37:32.0183,3.0,0.8
2004-12-15 13:37:32.0189,3.1,0.5
2004-12-15 13:37:32.0195,3.0,0.3
2004-12-15 13:37:32.0201,3.0,0.3
2004-12-15 13:37:32.0207,2.9,0.3
2004-12-15 13:37:32.0212,2.9,0.6
2004-12-15 13:37:32.0218,2.9,0.7
2004-12-15 13:37:32.0224,2.9,1.0
2004-12-15 13:37:32.0230,3.0,1.1
2004-12-15 13:37:32.0236,3.1,1.4
2004-12-15 13:37:32.0242,3.2,1.5
2004-12-15 13:37:32.0248,3.3,1.5
2004-12-15 13:37:32.0254,3.3,1.4
2004-12-15 13:37:32.0260,3.3,1.2
2004-12-15 13:37:32.0266,3.3,1.1
2004-12-15 13:37:32.0272,3.3,1.0
2004-12-15 13:37:32.0277,3.4,0.9
2004-12-15 13:37:32.0283,3.6,1.0
2004-12-15 13:37:32.0289,3.8,1.1
2004-12-15 13:37:32.0295,4.0,1.1
2004-12-15 13:37:32.0301,4.3,1.1
2004-12-15 13:37:32.0307,4.5,1.1
2004-12-15 13:37:32.0313,4.8,1.1
2004-12-15 13:37:32.0319,5.0,1.0
2004-12-15 13:37:32.0325,5.3,1.1
2004-12-15 13:37:32.0331,5.4,1.3
2004-12-15 13:37:32.0336,5.6,1.5
2004-12-15 13:37:32.0342,5.7,1.6
2004-12-15 13:37:32.0348,6.0,2.0
2004-12-15 13:37:32.0354,6.1,2.1
2004-12-15 13:37:32.0360,6.4,2.3
2004-12-15 13:37:32.0366,6.7,2.3
2004-12-15 13:37:32.0372,7.0,2.4
2004-12-15 13:37:32.0378,7.1,2.5
2004-12-15 13:37:32.0384,7.3,2.6
2004-12-15 13:37:32.0390,7.4,2.7
2004-12-15 13:37:32.0395,7.4,2.7
2004-12-15 13:37:32.0401,7.6,2.7
2004-12-15 13:37:32.0407,7.5,2.7
2004-12-15 13:37:32.0413,7.8,2.8
2004-12-15 13:37:32.0419,7.9,2.7
2004-12-15 13:37:32.0425,8.1,2.7
2004-12-15 13:37:32.0431,8.2,2.7
2004-12-15 13:37:32.0437,8.4,2.8
2004-12-15 13:37:32.0443,8.8,2.8
2004-12-15 13:37:32.0449,9.2,2.9
2004-12-15 13:37:32.0455,9.5,3.1
2004-12-15 13:37:32.0460,9.9,3.2
2004-12-15 13:37:32.0466,10.2,3.3
2004-12-15 13:37:32.0472,10.4,3.4
2004-12-15 13:37:32.0478,10.7,3.5
2004-12-15 13:37:32.0484,11.0,3.7
2004-12-15 13:37:32.0490,11.2,4.0
2004-12-15 13:37:32.0496,11.3,4.2
2004-12-15 13:37:32.0502,11.5,4.4
2004-12-15 13:37:32.0508,11.5,4.4
2004-12-15 13:37:32.0514,11.6,4.5
2004-12-15 13:37:32.0519,11.6,4.6
2004-12-15 13:37:32.0525,11.8,4.9
2004-12-15 13:37:32.0531,11.9,5.0
2004-12-15 13:37:32.0537,11.9,5.2
2004-12-15 13:37:32.0543,12.0,5.2
2004-12-15 13:37:32.0549,12.0,5.0
2004-12-15 13:37:32.0555,12.0,4.8
2004-12-15 13:37:32.0561,12.0,4.5
2004-12-15 13:37:32.0567,12.1,4.4
2004-12-15 13:37:32.0573,12.2,4.2
2004-12-15 13:37:32.0578,12.2,4.2
2004-12-15 13:37:32.0584,12.3,4.4
2004-12-15 13:37:32.0590,12.2,4.5
2004-12-15 13:37:32.0596,12.1,4.6
2004-12-15 13:37:32.0602,11.8,4.6
2004-12-15 13:37:32.0608,11.7,4.6
2004-12-15 13:37:32.0614,11.4,4.5
2004-12-15 13:37:32.0620,11.0,4.3
2004-12-15 13:37:32.0626,10.7,4.3
2004-12-15 13:37:32.0632,10.5,4.3
2004-12-15 13:37:32.0637,10.4,4.3
2004-12-15 13:37:32.0643,10.4,4.4
2004-12-15 13:37:32.0649,10.3,4.5
2004-12-15 13:37:32.0655,10.3,4.5
2004-12-15 13:37:32.0661,10.4,4.6
2004-12-15 13:37:32.0667,10.4,4.6
2004-12-15 13:37:32.0673,10.2,4.6
2004-12-15 13:37:32.0679,10.0,4.7
2004-12-15 13:37:32.0685,10.0,4.6
2004-12-15 13:37:32.0691,10.1,4.6
2004-12-15 13:37:32.0697,10.0,4.3
2004-12-15 13:37:32.0702,10.2,4.2
2004-12-15 13:37:32.0708,10.2,3.9
2004-12-15 13:37:32.0714,10.2,4.0
2004-12-15 13:37:32.0720,10.3,4.0
2004-12-15 13:37:32.0726,10.1,4.2
2004-12-15 13:37:32.0732,10.1,4.3
2004-12-15 13:37:32.0738,10.0,4.6
2004-12-15 13:37:32.0744,9.9,4.9
2004-12-15 13:37:32.0750,9.7,5.1
2004-12-15 13:37:32.0756,9.6,5.1
2004-12-15 13:37:32.0761,9.5,5.1
2004-12-15 13:37:32.0767,9.5,4.9
2004-12-15 13:37:32.0773,9.4,4.8
2004-12-15 13:37:32.0779,9.4,4.5
2004-12-15 13:37:32.0785,9.4,4.3
2004-12-15 13:37:32.0791,9.3,4.1
2004-12-15 13:37:32.0797,9.0,3.8
2004-12-15 13:37:32.0803,8.8,3.6
2004-12-15 13:37:32.0809,8.5,3.4
2004-12-15 13:37:32.0815,8.2,3.2
2004-12-15 13:37:32.0820,8.0,3.0
2004-12-15 13:37:32.0826,7.7,2.8
2004-12-15 13:37:32.0832,7.6,2.8
2004-12-15 13:37:32.0838,7.5,2.6
2004-12-15 13:37:32.0844,7.3,2.5
2004-12-15 13:37:32.0850,7.2,2.5
2004-12-15 13:37:32.0856,7.1,2.5
2004-12-15 13:37:32.0862,7.1,2.5
2004-12-15 13:37:32.0868,7.0,2.6
2004-12-15 13:37:32.0874,7.1,2.6
2004-12-15 13:37:32.0880,7.1,2.6
2004-12-15 13:37:32.0885,7.3,2.5
2004-12-15 13:37:32.0891,7.5,2.4
2004-12-15 13:37:32.0897,7.6,2.5
2004-12-15 13:37:32.0903,7.7,2.5
2004-12-15 13:37:32.0909,7.9,2.5
2004-12-15 13:37:32.0915,7.9,2.7
2004-12-15 13:37:32.0921,8.0,2.7
2004-12-15 13:37:32.0927,8.0,2.8
2004-12-15 13:37:32.0933,8.0,3.0
2004-12-15 13:37:32.0939,8.0,3.2
2004-12-15 13:37:32.0944,7.9,3.2
2004-12-15 13:37:32.0950,7.8,3.2
2004-12-15 13:37:32.0956,7.7,3.3
2004-12-15 13:37:32.0962,7.5,3.3
2004-12-15 13:37:32.0968,7.3,3.5
2004-12-15 13:37:32.0974,7.2,3.5
2004-12-15 13:37:32.0980,6.9,3.5
2004-12-15 13:37:32.0986,6.8,3.3
2004-12-15 13:37:32.0992,6.5,3.0
2004-12-15 13:37:32.0998,6.3,2.8
2004-12-15 13:37:32.1003,6.0,2.3
2004-12-15 13:37:32.1009,5.6,2.0
2004-12-15 13:37:32.1015,5.4,2.0
2004-12-15 13:37:32.1021,5.1,1.6
2004-12-15 13:37:32.1027,4.8,1.6
2004-12-15 13:37:32.1033,4.5,1.7
2004-12-15 13:37:32.1039,4.2,1.8
2004-12-15 13:37:32.1045,3.9,2.0
2004-12-15 13:37:32.1051,3.6,2.1
2004-12-15 13:37:32.1057,3.3,2.1
2004-12-15 13:37:32.1062,3.2,2.1
2004-12-15 13:37:32.1068,3.1,2.1
2004-12-15 13:37:32.1074,3.2,2.2
2004-12-15 13:37:32.1080,3.2,2.2
2004-12-15 13:37:32.1086,3.2,2.3
2004-12-15 13:37:32.1092,3.1,2.4
2004-12-15 13:37:32.1098,3.2,2.7
2004-12-15 13:37:32.1104,3.3,3.0
2004-12-15 13:37:32.1110,3.3,3.2
2004-12-15 13:37:32.1116,3.3,3.2
2004-12-15 13:37:32.1122,3.3,3.1
2004-12-15 13:37:32.1127,3.2,3.0
2004-12-15 13:37:32.1133,3.1,2.9
2004-12-15 13:37:32.1139,3.0,2.8
2004-12-15 13:37:32.1145,2.8,2.7
2004-12-15 13:37:32.1151,2.7,2.6
2004-12-15 13:37:32.1157,2.6,2.4
2004-12-15 13:37:32.1163,2.5,2.3
2004-12-15 13:37:32.1169,2.4,2.1
2004-12-15 13:37:32.1175,2.3,1.8
2004-12-15 13:37:32.1181,2.2,1.5
2004-12-15 13:37:32.1186,2.2,1.3
2004-12-15 13:37:32.1192,2.2,1.1
2004-12-15 13:37:32.1198,2.2,1.2
2004-12-15 13:37:32.1204,2.2,1.5
2004-12-15 13:37:32.1210,2.3,1.8
2004-12-15 13:37:32.1216,2.1,2.1
2004-12-15 13:37:32.1222,2.0,2.2
2004-12-15 13:37:32.1228,1.7,2.3
2004-12-15 13:37:32.1234,1.3,2.4
2004-12-15 13:37:32.1240,1.1,2.6
2004-12-15 13:37:32.1245,0.9,2.5
2004-12-15 13:37:32.1251,0.7,2.6
2004-12-15 13:37:32.1257,0.4,2.5
2004-12-15 13:37:32.1263,0.2,2.5
2004-12-15 13:37:32.1269,0.0,2.5
2004-12-15 13:37:32.1275,0.1,2.4
2004-12-15 13:37:32.1281,0.1,2.5
2004-12-15 13:37:32.1287,0.1,2.4
2004-12-15 13:37:32.1293,0.3,2.5
2004-12-15 13:37:32.1299,0.4,2.6
2004-12-15 13:37:32.1305,0.6,2.6
2004-12-15 13:37:32.1310,0.7,2.7
2004-12-15 13:37:32.1316,0.9,2.7
2004-12-15 13:37:32.1322,1.1,2.7
2004-12-15 13:37:32.1328,1.1,2.7
2004-12-15 13:37:32.1334,1.3,2.6
2004-12-15 13:37:32.1340,1.2,2.5
2004-12-15 13:37:32.1346,1.1,2.2
2004-12-15 13:37:32.1352,1.0,2.3
2004-12-15 13:37:32.1358,0.8,2.4
2004-12-15 13:37:32.1364,0.8,2.5
2004-12-15 13:37:32.1369,0.5,2.4
2004-12-15 13:37:32.1375,0.2,2.4
2004-12-15 13:37:32.1381,0.0,2.2
2004-12-15 13:37:32.1387,-0.3,2.1
2004-12-15 13:37:32.1393,-0.6,2.0
2004-12-15 13:37:32.1399,-0.9,1.9
2004-12-15 13:37:32.1405,-1.2,1.8
2004-12-15 13:37:32.1411,-1.4,1.8
2004-12-15 13:37:32.1417,-1.4,1.7
2004-12-15 13:37:32.1423,-1.5,1.5
2004-12-15 13:37:32.1428,-1.5,1.3
2004-12-15 13:37:32.1434,-1.6,1.3
2004-12-15 13:37:32.1440,-1.7,1.3
2004-12-15 13:37:32.1446,-1.8,1.3
2004-12-15 13:37:32.1452,-1.9,1.6
2004-12-15 13:37:32.1458,-1.9,1.8
2004-12-15 13:37:32.1464,-1.9,2.0
2004-12-15 13:37:32.1470,-2.0,2.1
2004-12-15 13:37:32.1476,-1.9,2.1
2004-12-15 13:37:32.1482,-1.7,2.1
2004-12-15 13:37:32.1487,-1.5,2.1
2004-12-15 13:37:32.1493,-1.2,2.1
2004-12-15 13:37:32.1499,-0.8,2.2
