TIME,RE,LE
2004-11-27 12:27:08.0000,0.0,0.0
2004-11-27 12:27:08.0006,0.1,0.2
2004-11-27 12:27:08.0012,0.2,0.3
2004-11-27 12:27:08.0018,0.2,0.4
2004-11-27 12:27:08.0024,0.4,0.3
2004-11-27 12:27:08.0030,0.5,0.4
2004-11-27 12:27:08.0035,0.5,0.3
2004-11-27 12:27:08.0041,0.4,0.3
2004-11-27 12:27:08.0047,0.5,0.2
2004-11-27 12:27:08.0053,0.5,0.2
2004-11-27 12:27:08.0059,0.5,0.1
2004-11-27 12:27:08.0065,0.6,0.0
2004-11-27 12:27:08.0071,0.7,0.0
2004-11-27 12:27:08.0077,0.8,0.1
2004-11-27 12:27:08.0083,0.9,0.1
2004-11-27 12:27:08.0089,0.9,0.1
2004-11-27 12:27:08.0094,0.8,0.3
2004-11-27 12:27:08.0100,0.8,0.3
2004-11-27 12:27:08.0106,0.7,0.4
2004-11-27 12:27:08.0112,0.7,0.4
2004-11-27 12:27:08.0118,0.8,0.4
2004-11-27 12:27:08.0124,0.7,0.6
2004-11-27 12:27:08.0130,0.8,0.5
2004-11-27 12:27:08.0136,0.9,0.5
2004-11-27 12:27:08.0142,0.8,0.3
2004-11-27 12:27:08.0148,0.8,0.2
2004-11-27 12:27:08.0153,0.7,0.0
2004-11-27 12:27:08.0159,0.6,-0.2
2004-11-27 12:27:08.0165,0.5,-0.5
2004-11-27 12:27:08.0171,0.4,-0.6
2004-11-27 12:27:08.0177,0.3,-0.6
2004-11-27 12:27:08.0183,0.3,-0.5
2004-11-27 12:27:08.0189,0.2,-0.3
2004-11-27 12:27:08.0195,0.2,-0.1
2004-11-27 12:27:08.0201,0.3,0.1
2004-11-27 12:27:08.0207,0.5,0.2
2004-11-27 12:27:08.0212,0.6,0.4
2004-11-27 12:27:08.0218,0.7,0.5
2004-11-27 12:27:08.0224,0.8,0.5
2004-11-27 12:27:08.0230,1.0,0.5
2004-11-27 12:27:08.0236,1.0,0.6
2004-11-27 12:27:08.0242,1.1,0.8
2004-11-27 12:27:08.0248,1.1,0.9
2004-11-27 12:27:08.0254,1.2,1.0
2004-11-27 12:27:08.0260,1.2,1.0
2004-11-27 12:27:08.0266,1.1,0.9
2004-11-27 12:27:08.0272,1.0,0.9
2004-11-27 12:27:08.0277,0.9,0.8
2004-11-27 12:27:08.0283,0.9,0.9
2004-11-27 12:27:08.0289,0.8,0.8
2004-11-27 12:27:08.0295,0.8,0.7
2004-11-27 12:27:08.0301,0.7,0.6
2004-11-27 12:27:08.0307,0.6,0.4
2004-11-27 12:27:08.0313,0.6,0.3
2004-11-27 12:27:08.0319,0.5,0.2
2004-11-27 12:27:08.0325,0.6,0.2
2004-11-27 12:27:08.0331,0.6,0.2
2004-11-27 12:27:08.0336,0.6,0.2
2004-11-27 12:27:08.0342,0.5,0.4
2004-11-27 12:27:08.0348,0.5,0.5
2004-11-27 12:27:08.0354,0.4,0.6
2004-11-27 12:27:08.0360,0.4,0.6
2004-11-27 12:27:08.0366,0.3,0.7
2004-11-27 12:27:08.0372,0.3,0.7
2004-11-27 12:27:08.0378,0.4,0.7
2004-11-27 12:27:08.0384,0.4,0.8
2004-11-27 12:27:08.0390,0.5,0.7
2004-11-27 12:27:08.0395,0.5,0.8
2004-11-27 12:27:08.0401,0.5,0.8
2004-11-27 12:27:08.0407,0.5,0.8
2004-11-27 12:27:08.0413,0.5,1.0
2004-11-27 12:27:08.0419,0.5,1.0
2004-11-27 12:27:08.0425,0.4,0.9
2004-11-27 12:27:08.0431,0.3,0.8
2004-11-27 12:27:08.0437,0.3,0.7
2004-11-27 12:27:08.0443,0.4,0.7
2004-11-27 12:27:08.0449,0.4,0.6
2004-11-27 12:27:08.0455,0.3,0.7
2004-11-27 12:27:08.0460,0.2,0.8
2004-11-27 12:27:08.0466,0.2,0.9
2004-11-27 12:27:08.0472,0.2,0.9
2004-11-27 12:27:08.0478,0.1,0.8
2004-11-27 12:27:08.0484,0.1,0.9
2004-11-27 12:27:08.0490,0.1,0.7
2004-11-27 12:27:08.0496,0.1,0.7
2004-11-27 12:27:08.0502,0.1,0.6
2004-11-27 12:27:08.0508,0.1,0.6
2004-11-27 12:27:08.0514,0.0,0.5
2004-11-27 12:27:08.0519,0.0,0.6
2004-11-27 12:27:08.0525,0.1,0.6
2004-11-27 12:27:08.0531,0.2,0.8
2004-11-27 12:27:08.0537,0.2,1.0
2004-11-27 12:27:08.0543,0.3,1.1
2004-11-27 12:27:08.0549,0.3,1.2
2004-11-27 12:27:08.0555,0.4,1.1
2004-11-27 12:27:08.0561,0.4,1.0
2004-11-27 12:27:08.0567,0.2,1.0
2004-11-27 12:27:08.0573,0.3,0.9
2004-11-27 12:27:08.0578,0.2,0.8
2004-11-27 12:27:08.0584,0.2,0.8
2004-11-27 12:27:08.0590,0.1,0.8
2004-11-27 12:27:08.0596,0.0,0.7
2004-11-27 12:27:08.0602,0.0,0.6
2004-11-27 12:27:08.0608,0.0,0.6
2004-11-27 12:27:08.0614,0.0,0.6
2004-11-27 12:27:08.0620,0.0,0.5
2004-11-27 12:27:08.0626,0.1,0.6
2004-11-27 12:27:08.0632,0.2,0.6
2004-11-27 12:27:08.0637,0.3,0.6
2004-11-27 12:27:08.0643,0.5,0.7
2004-11-27 12:27:08.0649,0.7,0.8
2004-11-27 12:27:08.0655,0.9,0.9
2004-11-27 12:27:08.0661,1.0,1.0
2004-11-27 12:27:08.0667,1.0,1.1
2004-11-27 12:27:08.0673,0.9,1.2
2004-11-27 12:27:08.0679,0.9,1.1
2004-11-27 12:27:08.0685,1.0,1.1
2004-11-27 12:27:08.0691,1.0,1.1
2004-11-27 12:27:08.0697,1.0,1.0
2004-11-27 12:27:08.0702,1.0,1.0
2004-11-27 12:27:08.0708,1.0,0.9
2004-11-27 12:27:08.0714,1.0,0.7
2004-11-27 12:27:08.0720,0.9,0.7
2004-11-27 12:27:08.0726,0.8,0.5
2004-11-27 12:27:08.0732,0.8,0.5
2004-11-27 12:27:08.0738,0.9,0.5
2004-11-27 12:27:08.0744,1.0,0.5
2004-11-27 12:27:08.0750,1.1,0.6
2004-11-27 12:27:08.0756,1.1,0.7
2004-11-27 12:27:08.0761,1.1,0.8
2004-11-27 12:27:08.0767,1.1,0.8
2004-11-27 12:27:08.0773,1.3,0.8
2004-11-27 12:27:08.0779,1.4,0.8
2004-11-27 12:27:08.0785,1.6,0.7
2004-11-27 12:27:08.0791,1.7,0.7
2004-11-27 12:27:08.0797,1.7,0.9
2004-11-27 12:27:08.0803,1.6,1.0
2004-11-27 12:27:08.0809,1.7,1.1
2004-11-27 12:27:08.0815,1.7,1.2
2004-11-27 12:27:08.0820,1.8,1.3
2004-11-27 12:27:08.0826,1.8,1.2
2004-11-27 12:27:08.0832,1.8,1.2
2004-11-27 12:27:08.0838,1.8,1.1
2004-11-27 12:27:08.0844,1.7,1.0
2004-11-27 12:27:08.0850,1.7,0.9
2004-11-27 12:27:08.0856,1.8,0.8
2004-11-27 12:27:08.0862,1.8,0.7
2004-11-27 12:27:08.0868,1.9,0.8
2004-11-27 12:27:08.0874,1.9,0.9
2004-11-27 12:27:08.0880,2.0,1.0
2004-11-27 12:27:08.0885,2.0,1.1
2004-11-27 12:27:08.0891,2.1,1.1
2004-11-27 12:27:08.0897,2.1,1.1
2004-11-27 12:27:08.0903,2.1,1.2
2004-11-27 12:27:08.0909,2.1,1.2
2004-11-27 12:27:08.0915,2.1,1.3
2004-11-27 12:27:08.0921,2.1,1.3
2004-11-27 12:27:08.0927,2.1,1.3
2004-11-27 12:27:08.0933,2.0,1.4
2004-11-27 12:27:08.0939,2.0,1.5
2004-11-27 12:27:08.0944,1.9,1.5
2004-11-27 12:27:08.0950,1.8,1.6
2004-11-27 12:27:08.0956,1.9,1.5
2004-11-27 12:27:08.0962,1.9,1.6
2004-11-27 12:27:08.0968,1.8,1.6
2004-11-27 12:27:08.0974,1.7,1.5
2004-11-27 12:27:08.0980,1.7,1.6
2004-11-27 12:27:08.0986,1.7,1.7
2004-11-27 12:27:08.0992,1.7,1.8
2004-11-27 12:27:08.0998,1.6,1.8
2004-11-27 12:27:08.1003,1.6,1.7
2004-11-27 12:27:08.1009,1.5,1.4
2004-11-27 12:27:08.1015,1.3,1.2
2004-11-27 12:27:08.1021,1.1,1.0
2004-11-27 12:27:08.1027,1.2,0.8
2004-11-27 12:27:08.1033,1.3,0.7
2004-11-27 12:27:08.1039,1.4,0.8
2004-11-27 12:27:08.1045,1.6,0.9
2004-11-27 12:27:08.1051,1.7,1.0
2004-11-27 12:27:08.1057,1.7,1.3
2004-11-27 12:27:08.1062,1.7,1.5
2004-11-27 12:27:08.1068,1.5,1.7
2004-11-27 12:27:08.1074,1.5,1.8
2004-11-27 12:27:08.1080,1.5,1.9
2004-11-27 12:27:08.1086,1.6,1.8
2004-11-27 12:27:08.1092,1.6,1.7
2004-11-27 12:27:08.1098,1.7,1.7
2004-11-27 12:27:08.1104,1.6,1.6
2004-11-27 12:27:08.1110,1.6,1.6
2004-11-27 12:27:08.1116,1.4,1.5
2004-11-27 12:27:08.1122,1.4,1.4
2004-11-27 12:27:08.1127,1.4,1.4
2004-11-27 12:27:08.1133,1.4,1.4
2004-11-27 12:27:08.1139,1.5,1.5
2004-11-27 12:27:08.1145,1.7,1.7
2004-11-27 12:27:08.1151,1.9,1.7
2004-11-27 12:27:08.1157,2.1,1.9
2004-11-27 12:27:08.1163,2.1,1.9
2004-11-27 12:27:08.1169,2.1,1.9
2004-11-27 12:27:08.1175,2.1,1.8
2004-11-27 12:27:08.1181,2.1,1.8
2004-11-27 12:27:08.1186,2.1,1.8
2004-11-27 12:27:08.1192,2.1,2.0
2004-11-27 12:27:08.1198,2.1,2.0
2004-11-27 12:27:08.1204,2.2,2.1
2004-11-27 12:27:08.1210,2.4,2.0
2004-11-27 12:27:08.1216,2.5,2.1
2004-11-27 12:27:08.1222,2.5,2.1
2004-11-27 12:27:08.1228,2.5,2.1
2004-11-27 12:27:08.1234,2.5,2.1
2004-11-27 12:27:08.1240,2.5,2.1
2004-11-27 12:27:08.1245,2.5,2.0
2004-11-27 12:27:08.1251,2.5,2.0
2004-11-27 12:27:08.1257,2.4,1.8
2004-11-27 12:27:08.1263,2.4,1.8
2004-11-27 12:27:08.1269,2.4,1.8
2004-11-27 12:27:08.1275,2.4,1.9
2004-11-27 12:27:08.1281,2.4,1.8
2004-11-27 12:27:08.1287,2.5,1.9
2004-11-27 12:27:08.1293,2.4,1.9
2004-11-27 12:27:08.1299,2.4,1.8
2004-11-27 12:27:08.1305,2.4,1.9
2004-11-27 12:27:08.1310,2.3,1.9
2004-11-27 12:27:08.1316,2.2,1.9
2004-11-27 12:27:08.1322,2.1,1.9
2004-11-27 12:27:08.1328,2.1,1.9
2004-11-27 12:27:08.1334,2.1,1.7
2004-11-27 12:27:08.1340,2.1,1.7
2004-11-27 12:27:08.1346,1.9,1.7
2004-11-27 12:27:08.1352,1.8,1.6
2004-11-27 12:27:08.1358,1.7,1.5
2004-11-27 12:27:08.1364,1.6,1.5
2004-11-27 12:27:08.1369,1.7,1.5
2004-11-27 12:27:08.1375,1.7,1.5
2004-11-27 12:27:08.1381,1.7,1.6
2004-11-27 12:27:08.1387,1.8,1.7
2004-11-27 12:27:08.1393,1.8,1.8
2004-11-27 12:27:08.1399,1.7,1.9
2004-11-27 12:27:08.1405,1.5,1.9
2004-11-27 12:27:08.1411,1.3,1.8
2004-11-27 12:27:08.1417,1.2,1.8
2004-11-27 12:27:08.1423,1.0,1.6
2004-11-27 12:27:08.1428,0.9,1.6
2004-11-27 12:27:08.1434,1.0,1.4
2004-11-27 12:27:08.1440,0.9,1.4
2004-11-27 12:27:08.1446,1.0,1.2
2004-11-27 12:27:08.1452,0.9,1.3
2004-11-27 12:27:08.1458,1.0,1.4
2004-11-27 12:27:08.1464,1.0,1.6
2004-11-27 12:27:08.1470,1.0,1.6
2004-11-27 12:27:08.1476,1.0,1.7
2004-11-27 12:27:08.1482,0.9,1.6
2004-11-27 12:27:08.1487,0.9,1.6
2004-11-27 12:27:08.1493,0.8,1.6
2004-11-27 12:27:08.1499,0.7,1.7
