TIME,RE,LE
2019-11-06 10:44:42.0000,0.0,0.0
2019-11-06 10:44:42.0006,0.0,0.2
2019-11-06 10:44:42.0012,-0.1,0.1
2019-11-06 10:44:42.0018,0.0,0.3
2019-11-06 10:44:42.0024,0.2,0.5
2019-11-06 10:44:42.0030,0.3,0.8
2019-11-06 10:44:42.0035,0.5,0.9
2019-11-06 10:44:42.0041,0.6,1.1
2019-11-06 10:44:42.0047,0.6,1.1
2019-11-06 10:44:42.0053,0.6,1.0
2019-11-06 10:44:42.0059,0.6,1.1
2019-11-06 10:44:42.0065,0.7,1.1
2019-11-06 10:44:42.0071,0.7,1.1
2019-11-06 10:44:42.0077,0.8,1.1
2019-11-06 10:44:42.0083,1.0,1.3
2019-11-06 10:44:42.0089,1.0,1.0
2019-11-06 10:44:42.0094,0.8,0.7
2019-11-06 10:44:42.0100,0.8,0.7
2019-11-06 10:44:42.0106,0.8,0.6
2019-11-06 10:44:42.0112,0.8,0.7
2019-11-06 10:44:42.0118,0.9,0.8
2019-11-06 10:44:42.0124,1.0,0.8
2019-11-06 10:44:42.0130,1.1,0.9
2019-11-06 10:44:42.0136,1.4,1.0
2019-11-06 10:44:42.0142,1.5,1.2
2019-11-06 10:44:42.0148,1.6,1.3
2019-11-06 10:44:42.0153,1.6,1.5
2019-11-06 10:44:42.0159,1.6,1.5
2019-11-06 10:44:42.0165,1.4,1.5
2019-11-06 10:44:42.0171,1.3,1.3
2019-11-06 10:44:42.0177,1.1,1.0
2019-11-06 10:44:42.0183,1.0,1.0
2019-11-06 10:44:42.0189,1.0,1.0
2019-11-06 10:44:42.0195,1.1,1.1
2019-11-06 10:44:42.0201,1.3,1.2
2019-11-06 10:44:42.0207,1.3,1.2
2019-11-06 10:44:42.0212,1.3,1.2
2019-11-06 10:44:42.0218,1.2,1.2
2019-11-06 10:44:42.0224,1.3,1.2
2019-11-06 10:44:42.0230,1.2,1.2
2019-11-06 10:44:42.0236,1.3,1.2
2019-11-06 10:44:42.0242,1.2,1.0
2019-11-06 10:44:42.0248,1.3,1.0
2019-11-06 10:44:42.0254,1.2,0.8
2019-11-06 10:44:42.0260,1.0,0.8
2019-11-06 10:44:42.0266,1.0,0.7
2019-11-06 10:44:42.0272,0.9,1.0
2019-11-06 10:44:42.0277,0.8,1.1
2019-11-06 10:44:42.0283,0.8,1.2
2019-11-06 10:44:42.0289,0.8,1.3
2019-11-06 10:44:42.0295,0.9,1.5
2019-11-06 10:44:42.0301,0.9,1.5
2019-11-06 10:44:42.0307,1.0,1.6
2019-11-06 10:44:42.0313,1.0,1.6
2019-11-06 10:44:42.0319,1.0,1.5
2019-11-06 10:44:42.0325,1.1,1.3
2019-11-06 10:44:42.0331,1.0,1.3
2019-11-06 10:44:42.0336,1.0,1.0
2019-11-06 10:44:42.0342,1.0,0.7
2019-11-06 10:44:42.0348,0.9,0.5
2019-11-06 10:44:42.0354,0.9,0.6
2019-11-06 10:44:42.0360,0.8,0.7
2019-11-06 10:44:42.0366,0.7,0.8
2019-11-06 10:44:42.0372,0.7,0.8
2019-11-06 10:44:42.0378,0.8,1.0
2019-11-06 10:44:42.0384,0.9,1.1
2019-11-06 10:44:42.0390,1.0,1.1
2019-11-06 10:44:42.0395,1.1,1.1
2019-11-06 10:44:42.0401,1.1,1.1
2019-11-06 10:44:42.0407,1.0,1.0
2019-11-06 10:44:42.0413,0.8,1.0
2019-11-06 10:44:42.0419,0.7,1.0
2019-11-06 10:44:42.0425,0.3,0.8
2019-11-06 10:44:42.0431,0.2,0.8
2019-11-06 10:44:42.0437,0.2,0.9
2019-11-06 10:44:42.0443,0.5,1.0
2019-11-06 10:44:42.0449,0.6,1.1
2019-11-06 10:44:42.0455,0.7,1.2
2019-11-06 10:44:42.0460,1.0,1.3
2019-11-06 10:44:42.0466,1.1,1.3
2019-11-06 10:44:42.0472,1.1,1.4
2019-11-06 10:44:42.0478,1.3,1.4
2019-11-06 10:44:42.0484,1.3,1.2
2019-11-06 10:44:42.0490,1.5,1.3
2019-11-06 10:44:42.0496,1.6,1.2
2019-11-06 10:44:42.0502,1.6,1.2
2019-11-06 10:44:42.0508,1.4,0.9
2019-11-06 10:44:42.0514,1.2,0.9
2019-11-06 10:44:42.0519,1.0,0.9
2019-11-06 10:44:42.0525,1.0,1.0
2019-11-06 10:44:42.0531,1.0,1.2
2019-11-06 10:44:42.0537,1.1,1.3
2019-11-06 10:44:42.0543,1.2,1.4
2019-11-06 10:44:42.0549,1.5,1.6
2019-11-06 10:44:42.0555,1.5,1.6
2019-11-06 10:44:42.0561,1.4,1.7
2019-11-06 10:44:42.0567,1.4,1.8
2019-11-06 10:44:42.0573,1.2,1.8
2019-11-06 10:44:42.0578,1.3,1.9
2019-11-06 10:44:42.0584,1.4,2.0
2019-11-06 10:44:42.0590,1.4,1.9
2019-11-06 10:44:42.0596,1.5,1.9
2019-11-06 10:44:42.0602,1.4,1.7
2019-11-06 10:44:42.0608,1.4,1.6
2019-11-06 10:44:42.0614,1.4,1.6
2019-11-06 10:44:42.0620,1.5,1.6
2019-11-06 10:44:42.0626,1.8,1.6
2019-11-06 10:44:42.0632,1.8,1.7
2019-11-06 10:44:42.0637,1.7,1.7
2019-11-06 10:44:42.0643,1.7,1.9
2019-11-06 10:44:42.0649,1.5,1.9
2019-11-06 10:44:42.0655,1.6,1.9
2019-11-06 10:44:42.0661,1.5,2.0
2019-11-06 10:44:42.0667,1.6,1.9
2019-11-06 10:44:42.0673,1.6,1.7
2019-11-06 10:44:42.0679,1.6,1.6
2019-11-06 10:44:42.0685,1.5,1.6
2019-11-06 10:44:42.0691,1.6,1.5
2019-11-06 10:44:42.0697,1.6,1.7
2019-11-06 10:44:42.0702,1.5,1.7
2019-11-06 10:44:42.0708,1.5,1.7
2019-11-06 10:44:42.0714,1.5,1.7
2019-11-06 10:44:42.0720,1.4,1.7
2019-11-06 10:44:42.0726,1.3,1.8
2019-11-06 10:44:42.0732,1.3,1.8
2019-11-06 10:44:42.0738,1.3,1.9
2019-11-06 10:44:42.0744,1.4,2.0
2019-11-06 10:44:42.0750,1.5,2.1
2019-11-06 10:44:42.0756,1.5,1.8
2019-11-06 10:44:42.0761,1.4,1.6
2019-11-06 10:44:42.0767,1.4,1.6
2019-11-06 10:44:42.0773,1.5,1.5
2019-11-06 10:44:42.0779,1.5,1.5
2019-11-06 10:44:42.0785,1.5,1.7
2019-11-06 10:44:42.0791,1.6,1.8
2019-11-06 10:44:42.0797,1.6,1.9
2019-11-06 10:44:42.0803,1.4,2.1
2019-11-06 10:44:42.0809,1.3,2.1
2019-11-06 10:44:42.0815,1.0,2.1
2019-11-06 10:44:42.0820,0.9,2.2
2019-11-06 10:44:42.0826,0.8,2.4
2019-11-06 10:44:42.0832,0.8,2.4
2019-11-06 10:44:42.0838,0.7,2.2
2019-11-06 10:44:42.0844,0.6,2.1
2019-11-06 10:44:42.0850,0.5,1.8
2019-11-06 10:44:42.0856,0.6,1.8
2019-11-06 10:44:42.0862,0.7,1.8
2019-11-06 10:44:42.0868,1.0,1.9
2019-11-06 10:44:42.0874,1.1,2.1
2019-11-06 10:44:42.0880,1.1,2.0
2019-11-06 10:44:42.0885,1.2,2.1
2019-11-06 10:44:42.0891,1.3,2.1
2019-11-06 10:44:42.0897,1.5,2.2
2019-11-06 10:44:42.0903,1.5,2.5
2019-11-06 10:44:42.0909,1.6,2.6
2019-11-06 10:44:42.0915,1.6,2.6
2019-11-06 10:44:42.0921,1.4,2.4
2019-11-06 10:44:42.0927,1.1,2.2
2019-11-06 10:44:42.0933,0.8,2.1
2019-11-06 10:44:42.0939,0.7,2.1
2019-11-06 10:44:42.0944,0.6,2.1
2019-11-06 10:44:42.0950,0.6,2.1
2019-11-06 10:44:42.0956,0.5,2.1
2019-11-06 10:44:42.0962,0.6,2.1
2019-11-06 10:44:42.0968,0.7,2.0
2019-11-06 10:44:42.0974,0.7,2.1
2019-11-06 10:44:42.0980,0.7,2.1
2019-11-06 10:44:42.0986,0.7,2.2
2019-11-06 10:44:42.0992,0.6,2.2
2019-11-06 10:44:42.0998,0.5,2.2
2019-11-06 10:44:42.1003,0.5,2.1
2019-11-06 10:44:42.1009,0.3,1.9
2019-11-06 10:44:42.1015,0.3,1.8
2019-11-06 10:44:42.1021,0.4,1.8
2019-11-06 10:44:42.1027,0.5,2.0
2019-11-06 10:44:42.1033,0.5,2.0
2019-11-06 10:44:42.1039,0.5,1.8
2019-11-06 10:44:42.1045,0.3,1.8
2019-11-06 10:44:42.1051,0.2,1.8
2019-11-06 10:44:42.1057,0.2,1.8
2019-11-06 10:44:42.1062,0.2,1.8
2019-11-06 10:44:42.1068,0.3,1.9
2019-11-06 10:44:42.1074,0.4,2.1
2019-11-06 10:44:42.1080,0.5,2.1
2019-11-06 10:44:42.1086,0.6,1.9
2019-11-06 10:44:42.1092,0.3,1.7
2019-11-06 10:44:42.1098,0.2,1.6
2019-11-06 10:44:42.1104,0.2,1.6
2019-11-06 10:44:42.1110,0.2,1.5
2019-11-06 10:44:42.1116,0.0,1.5
2019-11-06 10:44:42.1122,0.0,1.5
2019-11-06 10:44:42.1127,0.1,1.6
2019-11-06 10:44:42.1133,0.1,1.7
2019-11-06 10:44:42.1139,0.2,1.7
2019-11-06 10:44:42.1145,0.3,1.9
2019-11-06 10:44:42.1151,0.4,2.0
2019-11-06 10:44:42.1157,0.3,2.1
2019-11-06 10:44:42.1163,0.4,2.1
2019-11-06 10:44:42.1169,0.3,1.9
2019-11-06 10:44:42.1175,0.0,1.7
2019-11-06 10:44:42.1181,-0.1,1.7
2019-11-06 10:44:42.1186,-0.2,1.6
2019-11-06 10:44:42.1192,-0.2,1.7
2019-11-06 10:44:42.1198,-0.2,1.7
2019-11-06 10:44:42.1204,-0.4,1.8
2019-11-06 10:44:42.1210,-0.7,1.9
2019-11-06 10:44:42.1216,-0.7,1.9
2019-11-06 10:44:42.1222,-0.8,2.0
2019-11-06 10:44:42.1228,-0.7,2.2
2019-11-06 10:44:42.1234,-0.6,2.3
2019-11-06 10:44:42.1240,-0.5,2.4
2019-11-06 10:44:42.1245,-0.5,2.4
2019-11-06 10:44:42.1251,-0.5,2.3
2019-11-06 10:44:42.1257,-0.6,2.1
2019-11-06 10:44:42.1263,-0.5,2.1
2019-11-06 10:44:42.1269,-0.3,2.1
2019-11-06 10:44:42.1275,-0.1,2.1
2019-11-06 10:44:42.1281,0.0,2.1
2019-11-06 10:44:42.1287,0.0,2.1
2019-11-06 10:44:42.1293,-0.1,2.1
2019-11-06 10:44:42.1299,-0.1,2.1
2019-11-06 10:44:42.1305,-0.1,2.1
2019-11-06 10:44:42.1310,0.0,2.1
2019-11-06 10:44:42.1316,0.0,2.1
2019-11-06 10:44:42.1322,0.0,2.1
2019-11-06 10:44:42.1328,0.0,2.2
2019-11-06 10:44:42.1334,0.1,2.1
2019-11-06 10:44:42.1340,0.0,2.1
2019-11-06 10:44:42.1346,-0.1,2.1
2019-11-06 10:44:42.1352,-0.1,2.1
2019-11-06 10:44:42.1358,-0.2,2.2
2019-11-06 10:44:42.1364,-0.4,2.3
2019-11-06 10:44:42.1369,-0.4,2.3
2019-11-06 10:44:42.1375,-0.5,2.4
2019-11-06 10:44:42.1381,-0.4,2.6
2019-11-06 10:44:42.1387,-0.3,2.5
2019-11-06 10:44:42.1393,-0.2,2.4
2019-11-06 10:44:42.1399,-0.3,2.5
2019-11-06 10:44:42.1405,-0.3,2.4
2019-11-06 10:44:42.1411,-0.3,2.4
2019-11-06 10:44:42.1417,-0.4,2.4
2019-11-06 10:44:42.1423,-0.5,2.1
2019-11-06 10:44:42.1428,-0.5,2.2
2019-11-06 10:44:42.1434,-0.6,2.2
2019-11-06 10:44:42.1440,-0.5,2.3
2019-11-06 10:44:42.1446,-0.6,2.4
2019-11-06 10:44:42.1452,-0.5,2.5
2019-11-06 10:44:42.1458,-0.4,2.5
2019-11-06 10:44:42.1464,-0.2,2.6
2019-11-06 10:44:42.1470,0.0,2.6
2019-11-06 10:44:42.1476,0.0,2.6
2019-11-06 10:44:42.1482,0.0,2.6
2019-11-06 10:44:42.1487,0.0,2.5
2019-11-06 10:44:42.1493,0.1,2.6
2019-11-06 10:44:42.1499,0.2,2.6
