TIME,RE,LE
2004-04-30 13:11:30.0000,0.0,0.0
2004-04-30 13:11:30.0006,-0.1,-0.8
2004-04-30 13:11:30.0012,-0.2,-0.8
2004-04-30 13:11:30.0018,-0.3,-0.9
2004-04-30 13:11:30.0024,-0.4,-1.0
2004-04-30 13:11:30.0030,-0.4,-1.0
2004-04-30 13:11:30.0035,-0.4,-1.1
2004-04-30 13:11:30.0041,-0.5,-1.1
2004-04-30 13:11:30.0047,-0.6,-1.1
2004-04-30 13:11:30.0053,-0.6,-1.1
2004-04-30 13:11:30.0059,-0.8,-1.0
2004-04-30 13:11:30.0065,-0.8,-0.9
2004-04-30 13:11:30.0071,-0.9,-0.8
2004-04-30 13:11:30.0077,-0.7,-0.8
2004-04-30 13:11:30.0083,-0.6,-0.9
2004-04-30 13:11:30.0089,-0.5,-0.9
2004-04-30 13:11:30.0094,-0.6,-1.1
2004-04-30 13:11:30.0100,-0.6,-1.0
2004-04-30 13:11:30.0106,-0.5,-1.0
2004-04-30 13:11:30.0112,-0.5,-0.8
2004-04-30 13:11:30.0118,-0.4,-0.6
2004-04-30 13:11:30.0124,-0.4,-0.5
2004-04-30 13:11:30.0130,-0.4,-0.3
2004-04-30 13:11:30.0136,-0.4,-0.1
2004-04-30 13:11:30.0142,-0.2,0.0
2004-04-30 13:11:30.0148,0.0,0.2
2004-04-30 13:11:30.0153,0.1,0.5
2004-04-30 13:11:30.0159,0.2,0.7
2004-04-30 13:11:30.0165,0.5,0.9
2004-04-30 13:11:30.0171,0.7,1.0
2004-04-30 13:11:30.0177,0.7,0.9
2004-04-30 13:11:30.0183,0.9,0.8
2004-04-30 13:11:30.0189,0.7,0.7
2004-04-30 13:11:30.0195,0.7,0.7
2004-04-30 13:11:30.0201,0.7,0.6
2004-04-30 13:11:30.0207,0.6,0.8
2004-04-30 13:11:30.0212,0.5,0.8
2004-04-30 13:11:30.0218,0.5,0.8
2004-04-30 13:11:30.0224,0.5,0.9
2004-04-30 13:11:30.0230,0.5,1.0
2004-04-30 13:11:30.0236,0.5,1.0
2004-04-30 13:11:30.0242,0.5,1.1
2004-04-30 13:11:30.0248,0.3,1.1
2004-04-30 13:11:30.0254,0.2,1.0
2004-04-30 13:11:30.0260,0.0,0.8
2004-04-30 13:11:30.0266,-0.1,0.6
2004-04-30 13:11:30.0272,-0.3,0.6
2004-04-30 13:11:30.0277,-0.3,0.6
2004-04-30 13:11:30.0283,-0.3,0.5
2004-04-30 13:11:30.0289,-0.3,0.6
2004-04-30 13:11:30.0295,-0.1,0.6
2004-04-30 13:11:30.0301,0.0,0.7
2004-04-30 13:11:30.0307,0.0,0.8
2004-04-30 13:11:30.0313,0.1,1.0
2004-04-30 13:11:30.0319,0.2,1.0
2004-04-30 13:11:30.0325,0.3,1.0
2004-04-30 13:11:30.0331,0.2,1.1
2004-04-30 13:11:30.0336,0.3,1.0
2004-04-30 13:11:30.0342,0.2,0.9
2004-04-30 13:11:30.0348,0.2,0.9
2004-04-30 13:11:30.0354,0.3,0.9
2004-04-30 13:11:30.0360,0.4,0.9
2004-04-30 13:11:30.0366,0.5,0.9
2004-04-30 13:11:30.0372,0.6,1.0
2004-04-30 13:11:30.0378,0.8,1.0
2004-04-30 13:11:30.0384,0.8,1.0
2004-04-30 13:11:30.0390,0.8,1.1
2004-04-30 13:11:30.0395,0.9,1.1
2004-04-30 13:11:30.0401,0.9,1.2
2004-04-30 13:11:30.0407,1.0,1.3
2004-04-30 13:11:30.0413,1.0,1.5
2004-04-30 13:11:30.0419,1.2,1.4
2004-04-30 13:11:30.0425,1.1,1.4
2004-04-30 13:11:30.0431,1.1,1.4
2004-04-30 13:11:30.0437,1.2,1.4
2004-04-30 13:11:30.0443,1.3,1.5
2004-04-30 13:11:30.0449,1.4,1.8
2004-04-30 13:11:30.0455,1.4,1.9
2004-04-30 13:11:30.0460,1.4,2.1
2004-04-30 13:11:30.0466,1.3,2.1
2004-04-30 13:11:30.0472,1.3,2.3
2004-04-30 13:11:30.0478,1.3,2.4
2004-04-30 13:11:30.0484,1.5,2.6
2004-04-30 13:11:30.0490,1.7,2.6
2004-04-30 13:11:30.0496,1.8,2.8
2004-04-30 13:11:30.0502,2.1,2.8
2004-04-30 13:11:30.0508,2.1,2.8
2004-04-30 13:11:30.0514,2.2,2.9
2004-04-30 13:11:30.0519,2.2,3.0
2004-04-30 13:11:30.0525,2.3,2.9
2004-04-30 13:11:30.0531,2.4,3.0
2004-04-30 13:11:30.0537,2.4,2.9
2004-04-30 13:11:30.0543,2.7,2.9
2004-04-30 13:11:30.0549,2.8,2.9
2004-04-30 13:11:30.0555,3.0,2.8
2004-04-30 13:11:30.0561,3.2,2.7
2004-04-30 13:11:30.0567,3.2,2.7
2004-04-30 13:11:30.0573,3.3,2.7
2004-04-30 13:11:30.0578,3.3,2.7
2004-04-30 13:11:30.0584,3.2,2.6
2004-04-30 13:11:30.0590,3.0,2.5
2004-04-30 13:11:30.0596,2.9,2.4
2004-04-30 13:11:30.0602,2.8,2.4
2004-04-30 13:11:30.0608,2.7,2.4
2004-04-30 13:11:30.0614,2.7,2.3
2004-04-30 13:11:30.0620,2.8,2.4
2004-04-30 13:11:30.0626,2.8,2.3
2004-04-30 13:11:30.0632,2.9,2.2
2004-04-30 13:11:30.0637,2.9,2.1
2004-04-30 13:11:30.0643,2.8,2.0
2004-04-30 13:11:30.0649,2.7,1.9
2004-04-30 13:11:30.0655,2.6,1.8
2004-04-30 13:11:30.0661,2.4,1.7
2004-04-30 13:11:30.0667,2.2,1.6
2004-04-30 13:11:30.0673,2.1,1.6
2004-04-30 13:11:30.0679,1.9,1.5
2004-04-30 13:11:30.0685,1.9,1.6
2004-04-30 13:11:30.0691,2.0,1.6
2004-04-30 13:11:30.0697,2.0,1.7
2004-04-30 13:11:30.0702,2.1,1.9
2004-04-30 13:11:30.0708,2.1,2.1
2004-04-30 13:11:30.0714,2.1,2.2
2004-04-30 13:11:30.0720,2.1,2.4
2004-04-30 13:11:30.0726,2.1,2.4
2004-04-30 13:11:30.0732,2.1,2.4
2004-04-30 13:11:30.0738,2.1,2.5
2004-04-30 13:11:30.0744,2.1,2.5
2004-04-30 13:11:30.0750,2.2,2.5
2004-04-30 13:11:30.0756,2.1,2.2
2004-04-30 13:11:30.0761,2.1,2.2
2004-04-30 13:11:30.0767,2.1,2.1
2004-04-30 13:11:30.0773,2.1,2.1
2004-04-30 13:11:30.0779,2.1,2.0
2004-04-30 13:11:30.0785,2.1,1.9
2004-04-30 13:11:30.0791,2.1,1.8
2004-04-30 13:11:30.0797,2.1,1.8
2004-04-30 13:11:30.0803,2.0,1.7
2004-04-30 13:11:30.0809,1.9,1.8
2004-04-30 13:11:30.0815,1.9,1.7
2004-04-30 13:11:30.0820,1.7,1.8
2004-04-30 13:11:30.0826,1.7,2.0
2004-04-30 13:11:30.0832,1.6,2.1
2004-04-30 13:11:30.0838,1.3,2.0
2004-04-30 13:11:30.0844,1.1,1.9
2004-04-30 13:11:30.0850,0.9,1.8
2004-04-30 13:11:30.0856,0.8,1.8
2004-04-30 13:11:30.0862,0.8,1.7
2004-04-30 13:11:30.0868,0.8,1.7
2004-04-30 13:11:30.0874,0.8,1.6
2004-04-30 13:11:30.0880,0.8,1.6
2004-04-30 13:11:30.0885,0.9,1.5
2004-04-30 13:11:30.0891,1.0,1.4
2004-04-30 13:11:30.0897,1.0,1.4
2004-04-30 13:11:30.0903,1.0,1.4
2004-04-30 13:11:30.0909,1.1,1.3
2004-04-30 13:11:30.0915,1.1,1.3
2004-04-30 13:11:30.0921,1.1,1.2
2004-04-30 13:11:30.0927,1.1,1.0
2004-04-30 13:11:30.0933,1.0,0.9
2004-04-30 13:11:30.0939,1.0,0.9
2004-04-30 13:11:30.0944,0.9,1.0
2004-04-30 13:11:30.0950,0.9,1.0
2004-04-30 13:11:30.0956,0.9,1.1
2004-04-30 13:11:30.0962,0.8,1.3
2004-04-30 13:11:30.0968,0.7,1.4
2004-04-30 13:11:30.0974,0.6,1.5
2004-04-30 13:11:30.0980,0.6,1.5
2004-04-30 13:11:30.0986,0.5,1.5
2004-04-30 13:11:30.0992,0.6,1.6
2004-04-30 13:11:30.0998,0.6,1.5
2004-04-30 13:11:30.1003,0.7,1.5
2004-04-30 13:11:30.1009,0.6,1.5
2004-04-30 13:11:30.1015,0.7,1.6
2004-04-30 13:11:30.1021,0.8,1.6
2004-04-30 13:11:30.1027,0.9,1.6
2004-04-30 13:11:30.1033,1.1,1.8
2004-04-30 13:11:30.1039,1.2,1.8
2004-04-30 13:11:30.1045,1.3,1.8
2004-04-30 13:11:30.1051,1.3,1.8
2004-04-30 13:11:30.1057,1.2,1.8
2004-04-30 13:11:30.1062,1.0,1.7
2004-04-30 13:11:30.1068,0.7,1.7
2004-04-30 13:11:30.1074,0.5,1.6
2004-04-30 13:11:30.1080,0.3,1.7
2004-04-30 13:11:30.1086,0.1,1.7
2004-04-30 13:11:30.1092,0.0,1.6
2004-04-30 13:11:30.1098,0.0,1.6
2004-04-30 13:11:30.1104,0.0,1.6
2004-04-30 13:11:30.1110,0.1,1.7
2004-04-30 13:11:30.1116,0.2,1.7
2004-04-30 13:11:30.1122,0.6,1.7
2004-04-30 13:11:30.1127,0.9,1.8
2004-04-30 13:11:30.1133,1.2,1.8
2004-04-30 13:11:30.1139,1.3,1.8
2004-04-30 13:11:30.1145,1.6,2.0
2004-04-30 13:11:30.1151,1.7,2.1
2004-04-30 13:11:30.1157,1.8,2.1
2004-04-30 13:11:30.1163,1.8,2.3
2004-04-30 13:11:30.1169,1.9,2.2
2004-04-30 13:11:30.1175,1.7,2.1
2004-04-30 13:11:30.1181,1.6,2.0
2004-04-30 13:11:30.1186,1.4,1.9
2004-04-30 13:11:30.1192,1.3,1.8
2004-04-30 13:11:30.1198,1.2,1.8
2004-04-30 13:11:30.1204,1.1,1.9
2004-04-30 13:11:30.1210,1.0,2.1
2004-04-30 13:11:30.1216,1.0,2.2
2004-04-30 13:11:30.1222,1.0,2.4
2004-04-30 13:11:30.1228,1.1,2.6
2004-04-30 13:11:30.1234,1.2,2.8
2004-04-30 13:11:30.1240,1.3,3.0
2004-04-30 13:11:30.1245,1.4,3.0
2004-04-30 13:11:30.1251,1.4,2.9
2004-04-30 13:11:30.1257,1.4,2.8
2004-04-30 13:11:30.1263,1.3,2.7
2004-04-30 13:11:30.1269,1.3,2.7
2004-04-30 13:11:30.1275,1.2,2.8
2004-04-30 13:11:30.1281,1.2,2.9
2004-04-30 13:11:30.1287,1.2,2.9
2004-04-30 13:11:30.1293,1.2,2.8
2004-04-30 13:11:30.1299,1.3,2.8
2004-04-30 13:11:30.1305,1.3,2.8
2004-04-30 13:11:30.1310,1.3,2.8
2004-04-30 13:11:30.1316,1.3,2.7
2004-04-30 13:11:30.1322,1.3,2.8
2004-04-30 13:11:30.1328,1.2,2.7
2004-04-30 13:11:30.1334,1.3,2.7
2004-04-30 13:11:30.1340,1.2,2.7
2004-04-30 13:11:30.1346,1.3,2.8
2004-04-30 13:11:30.1352,1.4,2.9
2004-04-30 13:11:30.1358,1.5,3.2
2004-04-30 13:11:30.1364,1.5,3.3
2004-04-30 13:11:30.1369,1.6,3.5
2004-04-30 13:11:30.1375,1.6,3.6
2004-04-30 13:11:30.1381,1.6,3.6
2004-04-30 13:11:30.1387,1.7,3.7
2004-04-30 13:11:30.1393,1.8,3.6
2004-04-30 13:11:30.1399,1.8,3.7
2004-04-30 13:11:30.1405,1.7,3.6
2004-04-30 13:11:30.1411,1.7,3.6
2004-04-30 13:11:30.1417,1.8,3.5
2004-04-30 13:11:30.1423,1.7,3.2
2004-04-30 13:11:30.1428,1.7,3.2
2004-04-30 13:11:30.1434,1.7,3.2
2004-04-30 13:11:30.1440,1.7,3.1
2004-04-30 13:11:30.1446,1.6,3.2
2004-04-30 13:11:30.1452,1.7,3.3
2004-04-30 13:11:30.1458,1.6,3.4
2004-04-30 13:11:30.1464,1.5,3.4
2004-04-30 13:11:30.1470,1.4,3.5
2004-04-30 13:11:30.1476,1.2,3.4
2004-04-30 13:11:30.1482,1.3,3.5
2004-04-30 13:11:30.1487,1.3,3.5
2004-04-30 13:11:30.1493,1.3,3.6
2004-04-30 13:11:30.1499,1.3,3.6
